@book{golub-van_loan,
  author = {Gene Golub and Charles {Van L}oan},
  title = {Matrix Computations},
  edition = {Third},
  publisher = {Johns Hopkins University Press},
  year = {1996},
  address = {Baltimore, Maryland}
}

@article{halko-martinsson-tropp,
  author = {Nathan Halko and {P.-G.} Martinsson and Joel A. Tropp},
  title = {Finding structure with randomness: probabilistic algorithms
           for constructing approximate matrix decompositions},
  journal = {SIAM Review},
  volume = {53},
  number = {2},
  pages = {217--288},
  year = {2011}
}
